<?xml version="1.0" encoding="UTF-8"?><marc:record xmlns:marc="http://www.loc.gov/MARC21/slim" xmlns:xsi="http://www.w3.org/2001/XMLSchema-instance" xsi:schemaLocation="http://www.loc.gov/MARC21/slim http://www.loc.gov/standards/marcxml/schema/MARC21slim.xsd"><marc:leader>00620nam a22     7a 4500</marc:leader><marc:controlfield tag="001">1460983</marc:controlfield><marc:controlfield tag="003">NL-AMISG</marc:controlfield><marc:controlfield tag="005">20121014190821.0</marc:controlfield><marc:controlfield tag="008">120831s2010    ru                  rus d</marc:controlfield><marc:datafield ind1=" " ind2=" " tag="020"><marc:subfield code="a">9785981877186</marc:subfield></marc:datafield><marc:datafield ind1=" " ind2=" " tag="040"><marc:subfield code="a">NL-AMISG</marc:subfield></marc:datafield><marc:datafield ind1="1" ind2=" " tag="100"><marc:subfield code="a">Turaev, Geadij Michajlovič </marc:subfield><marc:subfield code="0">(NL-AMISG)2005132</marc:subfield></marc:datafield><marc:datafield ind1="1" ind2="0" tag="245"><marc:subfield code="a">Zapiski o kommunizme /</marc:subfield><marc:subfield code="c">G.M. Turaev.</marc:subfield></marc:datafield><marc:datafield ind1=" " ind2=" " tag="260"><marc:subfield code="a">Sankt-Peterburg :</marc:subfield><marc:subfield code="b">Nestor-Istorija,</marc:subfield><marc:subfield code="c">2010.</marc:subfield></marc:datafield><marc:datafield ind1=" " ind2=" " tag="300"><marc:subfield code="a">168 p.</marc:subfield></marc:datafield><marc:datafield ind1="4" ind2=" " tag="852"><marc:subfield code="a">IISG</marc:subfield><marc:subfield code="b">IISG</marc:subfield><marc:subfield code="c">IISG</marc:subfield><marc:subfield code="j">2012/416</marc:subfield><marc:subfield code="n">Available</marc:subfield><marc:subfield code="p">65465465465465</marc:subfield></marc:datafield><marc:datafield ind1=" " ind2=" " tag="901"><marc:subfield code="a">1460983</marc:subfield><marc:subfield code="b"/><marc:subfield code="c">1460983</marc:subfield><marc:subfield code="t">biblio</marc:subfield></marc:datafield><marc:datafield ind1=" " ind2=" " tag="902"><marc:subfield code="a">10622/66F9BE79-883C-4F32-A2B8-961ACE216AB9</marc:subfield></marc:datafield></marc:record>